<?xml version="1.0" encoding="UTF-8"?><collection><record><leader>11023ntm a2201129 a 4500</leader><controlfield tag="001">006802996</controlfield><controlfield tag="003">MiAaHDL</controlfield><controlfield tag="005">20190719000000.0</controlfield><controlfield tag="006">m        d        </controlfield><controlfield tag="007">cr bn ---auaua</controlfield><controlfield tag="008">090526s16uu    xx            00| ||ara d</controlfield><datafield tag="035" ind1=" " ind2=" "><subfield code="a">(MiU)006802996</subfield></datafield><datafield tag="035" ind1=" " ind2=" "><subfield code="a">sdr-miu006802996</subfield></datafield><datafield tag="040" ind1=" " ind2=" "><subfield code="a">MiU</subfield><subfield code="c">MiU</subfield><subfield code="e">amremm</subfield></datafield><datafield tag="043" ind1=" " ind2=" "><subfield code="a">n-us-mi</subfield></datafield><datafield tag="245" ind1="0" ind2="0"><subfield code="6">880-01</subfield><subfield code="a">[Majmūʻat rasāʼil,</subfield><subfield code="f">17th century?].</subfield></datafield><datafield tag="246" ind1="3" ind2=" "><subfield code="i">Edge title (tail):</subfield><subfield code="a">مجموعه نفيسه</subfield></datafield><datafield tag="260" ind1=" " ind2=" "><subfield code="c">[16--?].</subfield></datafield><datafield tag="300" ind1=" " ind2=" "><subfield code="a">145 leaves :</subfield><subfield code="b">paper ;</subfield><subfield code="c">208 x 128 (157-174 x 64-80) mm.</subfield></datafield><datafield tag="500" ind1=" " ind2=" "><subfield code="a">Shelfmark: Ann Arbor, University of Michigan, Special Collections Library, Isl. Ms. 255</subfield></datafield><datafield tag="500" ind1=" " ind2=" "><subfield code="a">Origin: As appears in colophon on p.134, transcription of Kitāb al-Ḥudūd wa-al-aḥkām completed in 1063 [1652 or 3], from a copy in the hand of the author. As appears in colophon on p.291, transcription of final work (and perhaps that of Ibn Quṭlūbughā) completed in Dhū al-Qaʻdah 1050 [February 1641]. Remaining works likely also copied in the 17th century (as suggested by hand and paper).</subfield></datafield><datafield tag="500" ind1=" " ind2=" "><subfield code="a">Former shelfmark: "٧٥" on spine label ; "401 T. De M. [i.e. Tammaro De Marinis]" inscribed in pencil on recto of front flyleaf (p.1) ; "214" inscribed in pencil on 'title page’ (p.3).</subfield></datafield><datafield tag="500" ind1=" " ind2=" "><subfield code="a">Binding: Pasteboards covered in dark brown leather ; Type II binding (with flap, though fully detached) ; board linings in marbled paper (in olive green, dark blue and white) ; upper and lower covers carry stamped and gold-painted scalloped mandorla (filled with vegetal decoration, compare Déroche class. OAi 8) with accents and tooled border in gold ; sewn in cream thread, two stations, some thread breakage ; worked chevron endbands in light pink and cream, damaged (tailband especially) ; overall in somewhat poor condition with flap detached, upper cover detaching, some abrasion, lifting and losses of leather, etc. ; housed in box for protection.</subfield></datafield><datafield tag="500" ind1=" " ind2=" "><subfield code="a">Support: non-European laid paper of at least two types ; opening type with 9 laid lines per cm. (horizontal) and rare chain lines partially visible ; from p.64 another type with 10 laid lines per cm. (vertical, quite indistinct) and chains rarely visible, thinner, though sturdy, medium to dark cream in color ; pp.136-148 and pp.157-202 on a European laid paper with 11 laid lines per cm. (horizontal), chain lines spaced 26 mm. apart (vertical), and watermark of paschal lamb in four-lobed circle (see p.136, 138, etc. and compare Agneau pascal nos. 9-24 (dated 17th century) in Velkov, Les Filigranes dans les documents Ottomans) ; from p.203 another European laid paper with 8 laid lines per cm. (vertical), chain lines spaced 26 mm. apart (horizontal) and watermark (difficult to make out) ; some leaves tinted beige or buff (a light orange color).</subfield></datafield><datafield tag="500" ind1=" " ind2=" "><subfield code="a">Decoration: Keywords, abbreviation symbols, and section headings rubricated ; textual dividers in the form of red inverted commas ; gold frame surrounds the written area of the first two works and final two works (work of Ibn Quṭlūbughā and work of Taşköprüzade) ; illuminated headpiece (ʻunwān) appears at the opening of the work of Ibn Quṭlūbughā (p.204) ; another illuminated headpiece (ʻunwān) appears the opening of the work by Taşköprüzade (p.254).</subfield></datafield><datafield tag="500" ind1=" " ind2=" "><subfield code="a">Script: Naskh and nastaʻlīq (talik) ; three elegant Turkish hands ; opening two works (pp.4-p.58) copied in the same fine naskh ; next several works (pp.64-202) in a fine nastaʻlīq (talik) ; final two works (pp.203-291) in another nastaʻlīq (talik).</subfield></datafield><datafield tag="500" ind1=" " ind2=" "><subfield code="a">Layout: Written in 27, 25 and 31 lines per page ; frame-ruled.</subfield></datafield><datafield tag="500" ind1=" " ind2=" "><subfield code="a">Collation: i, 2 V(20), IV (28), I (30), 3 V(60), II (64), I (66), II+3 (73), II (77), V+1 (88), I+1 (91), IV+1 (100), 2 V(120), II (124), V+1 (135), V (145), i ; leaves between works left blank ; catchwords present ; foliation in black ink, Hindu-Arabic numerals (for entire majmūʻah and for Kitāb al-Ḥudūd wa-al-aḥkām) ; pagination in pencil, Western numerals, supplied during digitization (includes flyleaves).</subfield></datafield><datafield tag="500" ind1=" " ind2=" "><subfield code="a">Title supplied by cataloguer.</subfield></datafield><datafield tag="500" ind1=" " ind2=" "><subfield code="a">Ms. codex.</subfield></datafield><datafield tag="505" ind1="0" ind2=" "><subfield code="a">19. p.292-p.293 : [assorted excerpts].</subfield></datafield><datafield tag="505" ind1="0" ind2=" "><subfield code="a">18. p.253-p.291 : Ṭabaqāt al-fuqahāʼ / Taşköprüzade.</subfield></datafield><datafield tag="505" ind1="0" ind2=" "><subfield code="a">17. p.203-252 : Ṭabaqāt fuqahāʼ al-Ḥanafīyah / al-Qāsim Ibn Quṭlūbughā.</subfield></datafield><datafield tag="505" ind1="0" ind2=" "><subfield code="a">16. p.197-p.202 : Risālah fī taḥqīq masʼalat dukhūl walad al-bint fī al-mawqūf ʻalá awlād al-awlād / Kemalpaşazade.</subfield></datafield><datafield tag="505" ind1="0" ind2=" "><subfield code="a">15. p.185-p.196 : Risālah mutaʻalliqah bi-al-waqf / Shāh Afandī Dāmād Abī al-Saʻūd.</subfield></datafield><datafield tag="505" ind1="0" ind2=" "><subfield code="a">14. p.175-p.184 : Risālah mutaʻalliqah bi-al-waqf / Ebüssuud Efendi.</subfield></datafield><datafield tag="505" ind1="0" ind2=" "><subfield code="a">13. p.174 : [blank].</subfield></datafield><datafield tag="505" ind1="0" ind2=" "><subfield code="a">12. p.159-p.173 : Risālah mutaʻalliqah bi-masāʼil al-masḥ / Ebüssuud Efendi.</subfield></datafield><datafield tag="505" ind1="0" ind2=" "><subfield code="a">11. p.149-p.158 : [al-Fatāwá] al-ʻArabīyah al-mutaʻalliqah bi-al-waqf / Ebüssuud Efendi.</subfield></datafield><datafield tag="505" ind1="0" ind2=" "><subfield code="a">10. p.148 : [blank].</subfield></datafield><datafield tag="505" ind1="0" ind2=" "><subfield code="a">9. p.135-p.147 : Risālah mutaʻalliqah bi-al-waqf / Ebüssuud Efendi.</subfield></datafield><datafield tag="505" ind1="0" ind2=" "><subfield code="a">8. p.64-p.134 : Kitāb al-Ḥudūd wa-al-aḥkām / Muṣannifak ʻAlī ibn Majd al-Dīn ibn al-Shāhrūdī al-Bisṭāmī.</subfield></datafield><datafield tag="505" ind1="0" ind2=" "><subfield code="a">7. p.62-63 : [blank].</subfield></datafield><datafield tag="505" ind1="0" ind2=" "><subfield code="a">6. p.60-p.61 : [table of contents for Kitāb al-Ḥudūd wa-al-aḥkām].</subfield></datafield><datafield tag="505" ind1="0" ind2=" "><subfield code="a">5. p.59 : [blank].</subfield></datafield><datafield tag="505" ind1="0" ind2=" "><subfield code="a">4. p.36-p.58 : al-Risālah al-arḍīyah.</subfield></datafield><datafield tag="505" ind1="0" ind2=" "><subfield code="a">3. p.35 : [blank].</subfield></datafield><datafield tag="505" ind1="0" ind2=" "><subfield code="a">2. p.4-p.34 : [al-Siyāsah al-sharʻīyah] / Dede Efendi.</subfield></datafield><datafield tag="505" ind1="0" ind2=" "><subfield code="a">1. p.3 : [contents listing].</subfield></datafield><datafield tag="510" ind1="4" ind2=" "><subfield code="a">Brockelmann, C. GAL,</subfield><subfield code="c">II 425</subfield></datafield><datafield tag="510" ind1="4" ind2=" "><subfield code="a">Brockelmann, C. GAL,</subfield><subfield code="c">II 82 ; S II 96</subfield></datafield><datafield tag="510" ind1="4" ind2=" "><subfield code="a">Brockelmann, C. GAL,</subfield><subfield code="c">II 449</subfield></datafield><datafield tag="510" ind1="4" ind2=" "><subfield code="a">Brockelmann, C. GAL,</subfield><subfield code="c">II 439</subfield></datafield><datafield tag="510" ind1="4" ind2=" "><subfield code="a">Brockelmann, C. GAL,</subfield><subfield code="c">S II 329</subfield></datafield><datafield tag="510" ind1="4" ind2=" "><subfield code="a">Brockelmann, C. GAL,</subfield><subfield code="c">II 446</subfield></datafield><datafield tag="510" ind1="4" ind2=" "><subfield code="a">Velkov, Asparouh. Les Filigranes dans les documents Ottomans: divers types d’images. Sofia: Éditions "Texte - A. Trayanov", 2005.</subfield></datafield><datafield tag="520" ind1="8" ind2=" "><subfield code="a">Fine copy of a collection (majmūʻah / mecmua) of treatises on legal matters. Contents listed in detail on 'title page' (p.3).</subfield></datafield><datafield tag="538" ind1=" " ind2=" "><subfield code="a">Mode of access: Internet.</subfield></datafield><datafield tag="541" ind1=" " ind2=" "><subfield code="c">Purchase ;</subfield><subfield code="a">Acquired by purchase (funds donated by Horace Rackham).</subfield><subfield code="d">1924.</subfield></datafield><datafield tag="546" ind1=" " ind2=" "><subfield code="a">Arabic.</subfield></datafield><datafield tag="561" ind1=" " ind2=" "><subfield code="a">Inscriptions in pencil on recto of front flyleaf (p.1) "401 T. De M. [i.e. Tammaro De Marinis]" and opening 'title page' (p.3) "214" ; ownership statement on 'title page' (p.3) in name of Abdürrahim Mahmut Efendizade accompanied by his seal ("شد طلبکار صراط مستقیم شرع خادم نبی ]؟[ عبد الرحم"), statement reads "استصحبه الفقير عبد الحيم الشهير بمحمود افندى زاده غفي عنهما" ; also on 'title page' (p.3) a second ownership statement (reads "تملكه بطريق الايهاب عن بعض خلص الاحباب العبد الفقير شانى زاده محمد صادق بن الحاج مصطفى غفر لهم") in name of Şanizade Mehmet Sadık (d.1817), qāḍī (kadı) in Mecca, whose name also appears at the close of an excerpt in Turkish "صورت عشق نامه لوالد المرحوم باعث رقيمه اولدركه ..." (dated first part of Rajab 1204 [March 1790]) on recto of front flyleaf (p.1) ; marginal glosses and corrections.</subfield></datafield><datafield tag="650" ind1=" " ind2="0"><subfield code="a">Manuscripts, Arabic</subfield><subfield code="z">Michigan</subfield><subfield code="z">Ann Arbor.</subfield></datafield><datafield tag="650" ind1=" " ind2="0"><subfield code="a">Islam</subfield><subfield code="x">Doctrines</subfield><subfield code="v">Early works to 1800.</subfield></datafield><datafield tag="650" ind1=" " ind2="0"><subfield code="a">Hanafites</subfield><subfield code="v">Biography</subfield><subfield code="v">Early works to 1800.</subfield></datafield><datafield tag="650" ind1=" " ind2="0"><subfield code="a">Hanafites</subfield><subfield code="v">Early works to 1800.</subfield></datafield><datafield tag="650" ind1=" " ind2="0"><subfield code="a">Islamic law</subfield><subfield code="x">Interpretation and construction</subfield><subfield code="v">Early works to 1800.</subfield></datafield><datafield tag="655" ind1=" " ind2="7"><subfield code="a">Headpieces (layout features)</subfield><subfield code="y">17th century.</subfield><subfield code="2">aat</subfield></datafield><datafield tag="700" ind1="0" ind2=" "><subfield code="a">Abdülhamid</subfield><subfield code="b">II,</subfield><subfield code="c">Sultan of the Turks,</subfield><subfield code="d">1842-1918,</subfield><subfield code="e">former owner.</subfield></datafield><datafield tag="700" ind1="0" ind2=" "><subfield code="6">880-13</subfield><subfield code="a">Şanizade Mehmet Sadık,</subfield><subfield code="d">d. 1817,</subfield><subfield code="e">former owner.</subfield></datafield><datafield tag="700" ind1="0" ind2=" "><subfield code="6">880-12</subfield><subfield code="a">Abdürrahim Mahmut Efendizade,</subfield><subfield code="e">former owner.</subfield></datafield><datafield tag="700" ind1="1" ind2="2"><subfield code="a">طاش كبري زاده، احمد بن مصطفى.</subfield><subfield code="t">طبقات الفقهاء.</subfield></datafield><datafield tag="700" ind1="1" ind2="2"><subfield code="6">880-11</subfield><subfield code="a">Ṭāshkubrīʹzādah, Aḥmad ibn Muṣṭafá,</subfield><subfield code="d">1495-1561.</subfield><subfield code="t">Ṭabaqāt al-fuqahāʼ.</subfield></datafield><datafield tag="700" ind1="1" ind2="2"><subfield code="6">880-10</subfield><subfield code="a">Ibn Quṭlūbughā, al-Qāsim ibn ʻAbd Allāh,</subfield><subfield code="d">1399 or 1400-1474 or 1475.</subfield><subfield code="t">Tāj al-tarājim fī ṭabaqāt al-Ḥanafīyah.</subfield><subfield code="k">Selections.</subfield></datafield><datafield tag="700" ind1="0" ind2="2"><subfield code="6">880-09</subfield><subfield code="a">Kemalpaşazade,</subfield><subfield code="d">1468 or 1469-1534.</subfield><subfield code="t">Risālah fī taḥqīq masʼalat dukhūl walad al-bint fī al-mawqūf ʻalá awlād al-awlād.</subfield></datafield><datafield tag="700" ind1="0" ind2="2"><subfield code="6">880-08</subfield><subfield code="a">Shāh Afandī Dāmād Abī al-Saʻūd.</subfield><subfield code="t">Risālah mutaʻalliqah bi-al-waqf.</subfield></datafield><datafield tag="700" ind1="0" ind2="2"><subfield code="6">880-07</subfield><subfield code="a">Abū al-Saʻūd Muḥammad ibn Muḥammad,</subfield><subfield code="d">1492 or 1493-1574 or 1575.</subfield><subfield code="t">Risālah mutaʻalliqah bi-masāʼil al-masḥ.</subfield></datafield><datafield tag="700" ind1="0" ind2="2"><subfield code="6">880-06</subfield><subfield code="a">Abū al-Saʻūd Muḥammad ibn Muḥammad,</subfield><subfield code="d">1492 or 1493-1574 or 1575.</subfield><subfield code="t">Fatāwá al-ʻArabīyah al-mutaʻalliqah bi-al-waqf.</subfield></datafield><datafield tag="700" ind1="0" ind2="2"><subfield code="6">880-05</subfield><subfield code="a">Abū al-Saʻūd Muḥammad ibn Muḥammad,</subfield><subfield code="d">1492 or 1493-1574 or 1575.</subfield><subfield code="t">Risālah mutaʻalliqah bi-al-waqf.</subfield></datafield><datafield tag="700" ind1="1" ind2="2"><subfield code="6">880-04</subfield><subfield code="a">Muṣannifak, ʻAlī ibn Majd al-Dīn Muḥammad,</subfield><subfield code="d">1400 or 1401-1470 or 1471.</subfield><subfield code="t">Ḥudūd wa-al-aḥkām al-fiqhīyah.</subfield></datafield><datafield tag="700" ind1="0" ind2="2"><subfield code="6">880-02</subfield><subfield code="a">Dadah Khalīfah,</subfield><subfield code="d">d. 1565.</subfield><subfield code="t">Siyāsah al-sharʻīyah.</subfield></datafield><datafield tag="740" ind1="0" ind2="2"><subfield code="a">طبقات العلماء.</subfield></datafield><datafield tag="740" ind1="0" ind2="2"><subfield code="a">ترجمة القاسم بن قطلوبغا في مختصر طبقات الشيخ شمس الدين محمد علي بن طولون</subfield></datafield><datafield tag="740" ind1="0" ind2="2"><subfield code="a">طبقات فقهاء الحنفية</subfield></datafield><datafield tag="740" ind1="0" ind2="2"><subfield code="6">880-03</subfield><subfield code="a">al-Risālah al-arḍīyah.</subfield></datafield><datafield tag="773" ind1="0" ind2=" "><subfield code="a">Abdul Hamid Collection.</subfield></datafield><datafield tag="880" ind1="0" ind2=" "><subfield code="6">700-13/</subfield><subfield code="a">شانى زاده محمد صادق،</subfield><subfield code="e">مالك سابق.</subfield></datafield><datafield tag="880" ind1="0" ind2=" "><subfield code="6">700-12/</subfield><subfield code="a">عبد الرحيم محمود افندى زاده،</subfield><subfield code="e">مالك سابق.</subfield></datafield><datafield tag="880" ind1="1" ind2="2"><subfield code="6">700-10/</subfield><subfield code="a">ابن قطلوبغا، القاسم بن عبد الله.</subfield><subfield code="t">تاج التراجم في طبقات الحنفية.</subfield><subfield code="k">مختارات.</subfield></datafield><datafield tag="880" ind1="0" ind2="2"><subfield code="6">700-09/</subfield><subfield code="a">ابن كمال باشا، احمد بن سليمان.</subfield><subfield code="t">رسالة في تحقيق مسئلة دخول ولد البنت في الموقوف على اولاد الاولاد.</subfield></datafield><datafield tag="880" ind1="0" ind2="2"><subfield code="6">700-08/</subfield><subfield code="a">شاه افندى داماد ابي السعود.</subfield><subfield code="t">رسالة متعلقة بالوقف.</subfield></datafield><datafield tag="880" ind1="0" ind2="2"><subfield code="6">700-07/</subfield><subfield code="a">ابو السعود محمد بن محمد.</subfield><subfield code="t">رسالة متعلقة بمسائل المسح.</subfield></datafield><datafield tag="880" ind1="0" ind2="2"><subfield code="6">700-06/</subfield><subfield code="a">ابو السعود محمد بن محمد.</subfield><subfield code="t">فتاوى العربية المتعلقة بالوقف.</subfield></datafield><datafield tag="880" ind1="0" ind2="2"><subfield code="6">700-05/</subfield><subfield code="a">ابو السعود محمد بن محمد.</subfield><subfield code="t">رسالة متعلقة بالوقف.</subfield></datafield><datafield tag="880" ind1="1" ind2="2"><subfield code="6">700-04/</subfield><subfield code="a">مصنفك، علي بن مجد الدين محمد.</subfield><subfield code="t">حدود والاحكام الفقهية.</subfield></datafield><datafield tag="880" ind1="0" ind2="2"><subfield code="6">740-03/</subfield><subfield code="a">الرسالة الارضية.</subfield></datafield><datafield tag="880" ind1="0" ind2="2"><subfield code="6">700-02/</subfield><subfield code="a">دده خليفه.</subfield><subfield code="t">سياسة الشرعية.</subfield></datafield><datafield tag="880" ind1="0" ind2="0"><subfield code="6">245-01/</subfield><subfield code="a">[مجموعة رسائل,</subfield><subfield code="f">القرن 17م؟].</subfield></datafield><datafield tag="CID" ind1=" " ind2=" "><subfield code="a">006802996</subfield></datafield><datafield tag="DAT" ind1="0" ind2=" "><subfield code="a">20190719102636.0</subfield><subfield code="b">20190719000000.0</subfield></datafield><datafield tag="DAT" ind1="1" ind2=" "><subfield code="a">20190719090653.0</subfield><subfield code="b">2019-07-19T16:11:36Z</subfield></datafield><datafield tag="DAT" ind1="2" ind2=" "><subfield code="a">2015-10-02T18:00:03Z</subfield></datafield><datafield tag="CAT" ind1=" " ind2=" "><subfield code="a">SDR-MIU</subfield><subfield code="d">EX LIBRIS - ALEPH</subfield><subfield code="l">prepare.pl-004-008</subfield></datafield><datafield tag="FMT" ind1=" " ind2=" "><subfield code="a">BK</subfield></datafield><datafield tag="HOL" ind1=" " ind2=" "><subfield code="0">sdr-miu006802996</subfield><subfield code="a">MiU</subfield><subfield code="b">SDR</subfield><subfield code="c">MIU</subfield><subfield code="p">mdp.39015079126796</subfield><subfield code="s">MIU</subfield><subfield code="1">006802996</subfield></datafield><datafield tag="974" ind1=" " ind2=" "><subfield code="b">MIU</subfield><subfield code="c">MIU</subfield><subfield code="d">20190719</subfield><subfield code="s">lit-dlps-dc</subfield><subfield code="u">mdp.39015079126796</subfield><subfield code="y">1699</subfield><subfield code="r">pd</subfield><subfield code="q">bib</subfield><subfield code="t">non-US bib date1 &lt; 1896</subfield></datafield></record></collection>